
@Article{Balog:2012:CIKM,
  author        = "Kristian Balog and Robert Neumayer",
  title         = "Hierarchical Target Type Identification for Entity-oriented Queries",
  journal       = "21st ACM Conference on Information and Knowledge Management (CIKM 2012), pages 2391-2394, October 2012.",
  month         = oct,
  year          = "2012",
  pages         = "2391--2394",
}

http://ceur-ws.org/Vol-2774/paper-07.pdf
@Article{Maryland:qwords,
    author = {Sai Vallurupalli and Jennifer Sleeman and Tim Finin},
    title = {Fine and Ultra-Fine Entity Type Embeddings for Question Answering},
    year = {2020},
    pages = {7-8},
}

http://ceur-ws.org/Vol-2774/paper-01.pdf
@Article{Kothen:analysis,
    author = {Aleksandr Perevalov and Andreas Both},
    title = {Augmentation-based Answer Type Classification of the SMART dataset},
    year = {2020},
}

http://ceur-ws.org/Vol-2774/paper-02.pdf
@Article{uis:bert,
    author = {Vinay Setty and Krisztian Balog},
    title = {Semantic Answer Type PRediction using BERT*},
    year = {2020},
}

http://ceur-ws.org/Vol-2774/paper-03.pdf
@Article{heraklion:bert,
    author = {Christos Nikas and Pavlos Fafalios and Yannis Tzitzikas},
    title = {Two-stage Semantic Answer Type Prediction for Question Answering using BERT and class-Specificity Rewarding},
    year = {2020},
}


http://ceur-ws.org/Vol-2774/paper-06.pdf
@Article{tokyo:bert,
    author = {Natthawut Kertkeidkachorn and Rungsiman Nararatwong and Phuc Nguyen and Ikuya Yamada and Hideaki Takeda and Ryutaro Ichise},
    title = {Hierarchical Contextualized Representation Models for Answer Type Prediction},
    year = {2020},
}

http://ceur-ws.org/Vol-2774/paper-05.pdf
@Article{maastricht:bert,
    author = {Ammar Ammar and Shervin Mehryar and Remzi Celebi},
    title = {A Methodology for Hierarchical Classification of Semantic Answer Types of Questions},
    year = {2020},
}

@misc{nvidia:bert,
    author = {NVIDIA},
    title = {BERT},
    howpublished = {\url{https://www.nvidia.com/en-us/glossary/data-science/bert/}},
    note = {Accessed: 2022-10-27},
}
